<?xml version="1.0" encoding="UTF-8"?><collection xmlns="http://www.loc.gov/MARC21/slim"><record><leader>00383nam--2200133-i-4500</leader><controlfield tag="001">000028346</controlfield><controlfield tag="002">20161230</controlfield><controlfield tag="005">20161230201037</controlfield><controlfield tag="008">060222s1000------------r-----000-0-eng-d</controlfield><datafield ind1=" " ind2=" " tag="080"><subfield code="a">514.7(043)</subfield></datafield><datafield ind1=" " ind2=" " tag="100"><subfield code="a">Langevin, Remi</subfield></datafield><datafield ind1=" " ind2=" " tag="245"><subfield code="a">Courbures, feuilletages et surfaces (mesures et distributions de gauss). these</subfield></datafield><datafield ind1=" " ind2=" " tag="260"><subfield code="a">Orasay, L`Universite Paris-sud, 1980, 142p</subfield></datafield><datafield ind1=" " ind2=" " tag="852"><subfield code="a">49711</subfield></datafield></record></collection>